@article{telemold,
  title={TELEMOLD Project: Oximetry and exercise telemonitoring to improve long-term oxygen therapy},
  author={Faria, In{\^e}s and Gaspar, Carina and Zamith, Manuela and Matias, Isabel and C{\'e}sar das Neves, Rui and Rodrigues, F{\'a}tima and B{\'a}rbara, Cristina},
  journal={Telemedicine and e-Health},
  volume={20},
  number={7},
  pages={626--632},
  year={2014},
  publisher={Mary Ann Liebert, Inc. 140 Huguenot Street, 3rd Floor New Rochelle, NY 10801 USA}
}

@article{article,
author = {Mamaghanian, H and Abushab, Khaled and Atienza, David and Vandergheynst, Pierre},
year = {2011},
month = {10},
pages = {2456 - 2466},
title = {Compressed Sensing for Real-Time Energy-Efficient ECG Compression on Wireless Body Sensor Nodes},
volume = {58},
booktitle = {Biomedical Engineering, IEEE Transactions on}
}

@ARTICLE{segmenter,
author={J. Pan and W. J. Tompkins},
journal={IEEE Transactions on Biomedical Engineering},
title={A Real-Time QRS Detection Algorithm},
year={1985},
volume={BME-32},
number={3},
pages={230-236},
keywords={Band pass filters;Computer displays;Databases;Detection algorithms;Detectors;Digital filters;Electrocardiography;Filtering;Interference;Noise reduction;Analog-Digital Conversion;Electrocardiography;Evaluation Studies as Topic;Filtration;Humans;Mathematics},
doi={10.1109/TBME.1985.325532},
ISSN={0018-9294},
month={March},}

@misc{Tizen_sensor,
  author = "Tizen Project",
  title = "{Tizen Sensor API}",
  year = "2012",
  url = {https://developer.tizen.org/development/api-references/native-application?redirect=/dev-guide/2.3.1/org.tizen.native.mobile.apireference/group__CAPI__SYSTEM__SENSOR__MODULE.html},
  urldate = "[Online; accessed 4-January-2018]",
}

@book{tcpip,
  title={TcP/IP Illustrated},
  author={Wright, Gary R and Stevens, W Richard},
  volume={2},
  year={1995},
  publisher={Addison-Wesley Professional}
}
@inproceedings{bitalinobatista2017experimental,
  title={Experimental characterization and analysis of the BITalino platforms against a reference device},
  author={Batista, Diana and Silva, Hugo and Fred, Ana},
  booktitle={Engineering in Medicine and Biology Society (EMBC), 2017 39th Annual International Conference of the IEEE},
  pages={2418--2421},
  year={2017},
  organization={IEEE}
}
@inproceedings{bitalinoguerreiro2013bitalino,
  title={BITalino-A Multimodal Platform for Physiological Computing.},
  author={Guerreiro, Jos{\'e} and Martins, Ra{\'u}l and Silva, Hugo and Louren{\c{c}}o, Andr{\'e} and Fred, Ana LN},
  booktitle={ICINCO (1)},
  pages={500--506},
  year={2013}
}

@article{importancia_HR_METS,
  title={Prognostic significance of impairment of heart rate response to exercise: impact of left ventricular function and myocardial ischemia},
  author={Elhendy, Abdou and Mahoney, Douglas W and Khandheria, Bijoy K and Burger, Kelli and Pellikka, Patricia A},
  journal={Journal of the American College of Cardiology},
  volume={42},
  number={5},
  pages={823--830},
  year={2003},
  publisher={Elsevier}
}

@article{importancia_HR_METS_2,
  title={Effects of cardiac rehabilitation and exercise training programs on depression in patients after major coronary events},
  author={Milani, Richard V and Lavie, Carl J and Cassidy, Mark M},
  journal={American heart journal},
  volume={132},
  number={4},
  pages={726--732},
  year={1996},
  publisher={Elsevier}
}

@article{importancia_METS_2,
  title={Metabolic equivalents (METS) in exercise testing, exercise prescription, and evaluation of functional capacity},
  author={Jette, M and Sidney, K and Bl{\"u}mchen, G},
  journal={Clinical cardiology},
  volume={13},
  number={8},
  pages={555--565},
  year={1990},
  publisher={Wiley Online Library}
}

@article{crouter_METS,
  title={A novel method for using accelerometer data to predict energy expenditure},
  author={Crouter, Scott E and Clowers, Kurt G and Bassett Jr, David R},
  journal={Journal of applied physiology},
  volume={100},
  number={4},
  pages={1324--1331},
  year={2006},
  publisher={Am Physiological Soc}
}

@article{engzee,
  title={A single scan algorithm for QRS-detection and feature extraction},
  author={Engelse, W. A. H. and Zeelenberg, C.},
  journal={Computers in cardiology},
  volume={6},
  number={1979},
  pages={37--42},
  year={1979},
  publisher={IEEE Computer Society Press}
}

@article{zhang2015joss,
  title={Photoplethysmography-based heart rate monitoring in physical activities via joint sparse spectrum reconstruction},
  author={Zhang, Zhilin},
  journal={IEEE transactions on biomedical engineering},
  volume={62},
  number={8},
  pages={1902--1910},
  year={2015},
  publisher={IEEE}
}
@inproceedings{adagibbs2005active,
  title={Active motion artifact cancellation for wearable health monitoring sensors using collocated MEMS accelerometers},
  author={Gibbs, Peter T and Wood, Levi B and Asada, H Harry},
  booktitle={Proc. SPIE},
  volume={5765},
  pages={811--819},
  year={2005}
}
@inproceedings{laguerrewood2006active,
  title={Active motion artifact reduction for wearable sensors using Laguerre expansion and signal separation},
  author={Wood, Levi B and Asada, H Harry},
  booktitle={Engineering in Medicine and Biology Society, 2005. IEEE-EMBS 2005. 27th Annual International Conference of the},
  pages={3571--3574},
  year={2006},
  organization={IEEE}
}
@article{zhang2015troika,
  title={TROIKA: A general framework for heart rate monitoring using wrist-type photoplethysmographic signals during intensive physical exercise},
  author={Zhang, Zhilin and Pi, Zhouyue and Liu, Benyuan},
  journal={IEEE Transactions on Biomedical Engineering},
  volume={62},
  number={2},
  pages={522--531},
  year={2015},
  publisher={IEEE}
}

@article{bvponsetblazek2010multi,
  title={Multi-resolution linear model comparison for detection of dicrotic notch and peak in blood volume pulse signals},
  author={Blazek, R and Lee, C},
  journal={Anal Biomed Signals Images},
  volume={20},
  pages={378--386},
  year={2010}
}

@article{crouter2010refined,
  title={A refined 2-regression model for the actigraph accelerometer},
  author={Crouter, Scott E and Kuffel, Erin and Haas, Jere D and Frongillo, Edward A and Bassett Jr, David R},
  journal={Medicine and science in sports and exercise},
  volume={42},
  number={5},
  pages={1029},
  year={2010},
  publisher={NIH Public Access}
}

@article{filter,
  title={Generalized digital Butterworth filter design},
  author={Selesnick, Ivan W and Burrus, C Sidney},
  journal={IEEE Transactions on signal processing},
  volume={46},
  number={6},
  pages={1688--1694},
  year={1998},
  publisher={IEEE}
}

@article{heart_rate_range,
  title={Age-predicted maximal heart rate revisited},
  author={Tanaka, Hirofumi and Monahan, Kevin D and Seals, Douglas R},
  journal={Journal of the American College of Cardiology},
  volume={37},
  number={1},
  pages={153--156},
  year={2001},
  publisher={Journal of the American College of Cardiology}
}

@article{compression,
  title={Compression using Huffman coding},
  author={Sharma, Mamta},
  journal={IJCSNS International Journal of Computer Science and Network Security},
  volume={10},
  number={5},
  pages={133--141},
  year={2010}
}

@misc{android,
  author = "Google",
  title = "{Android API}",
  url = {https://developer.android.com/reference/android/support/classes.html},
  urldate = "[Online; accessed 4-January-2018]",
}

@article{engzee,
  title={A single scan algorithm for QRS-detection and feature extraction},
  author={Engelse, W. A. H. and Zeelenberg, C.},
  journal={Computers in cardiology},
  volume={6},
  number={1979},
  pages={37--42},
  year={1979},
  publisher={IEEE Computer Society Press}
}

@inproceedings{engzee2,
  title={Real Time Electrocardiogram Segmentation for Finger based ECG Biometrics.},
  author={Louren{\c{c}}o, Andr{\'e} and Silva, Hugo and Leite, Paulo and Louren{\c{c}}o, Renato and Fred, Ana LN},
  booktitle={Biosignals},
  pages={49--54},
  year={2012}
}

@article{compare,
  title={Are currently available wearable devices for activity tracking and heart rate monitoring accurate, precise, and medically beneficial?},
  author={El-Amrawy, Fatema and Nounou, Mohamed Ismail},
  journal={Healthcare informatics research},
  volume={21},
  number={4},
  pages={315--320},
  year={2015}
}
@article{zhang2015joss,
  title={Photoplethysmography-based heart rate monitoring in physical activities via joint sparse spectrum reconstruction},
  author={Zhang, Zhilin},
  journal={IEEE transactions on biomedical engineering},
  volume={62},
  number={8},
  pages={1902--1910},
  year={2015},
  publisher={IEEE}
}
@inproceedings{adagibbs2005active,
  title={Active motion artifact cancellation for wearable health monitoring sensors using collocated MEMS accelerometers},
  author={Gibbs, Peter T and Wood, Levi B and Asada, H Harry},
  booktitle={Proc. SPIE},
  volume={5765},
  pages={811--819},
  year={2005}
}
@inproceedings{laguerrewood2006active,
  title={Active motion artifact reduction for wearable sensors using Laguerre expansion and signal separation},
  author={Wood, Levi B and Asada, H Harry},
  booktitle={Engineering in Medicine and Biology Society, 2005. IEEE-EMBS 2005. 27th Annual International Conference of the},
  pages={3571--3574},
  year={2006},
  organization={IEEE}
}
@article{zhang2015troika,
  title={TROIKA: A general framework for heart rate monitoring using wrist-type photoplethysmographic signals during intensive physical exercise},
  author={Zhang, Zhilin and Pi, Zhouyue and Liu, Benyuan},
  journal={IEEE Transactions on Biomedical Engineering},
  volume={62},
  number={2},
  pages={522--531},
  year={2015},
  publisher={IEEE}
}
@inproceedings{bitalinobatista2017experimental,
  title={Experimental characterization and analysis of the BITalino platforms against a reference device},
  author={Batista, Diana and Silva, Hugo and Fred, Ana},
  booktitle={Engineering in Medicine and Biology Society (EMBC), 2017 39th Annual International Conference of the IEEE},
  pages={2418--2421},
  year={2017},
  organization={IEEE}
}
@inproceedings{bitalinoguerreiro2013bitalino,
  title={BITalino-A Multimodal Platform for Physiological Computing.},
  author={Guerreiro, Jos{\'e} and Martins, Ra{\'u}l and Silva, Hugo and Louren{\c{c}}o, Andr{\'e} and Fred, Ana LN},
  booktitle={ICINCO (1)},
  pages={500--506},
  year={2013}
}
@article{bvponsetblazek2010multi,
  title={Multi-resolution linear model comparison for detection of dicrotic notch and peak in blood volume pulse signals},
  author={Blazek, R and Lee, C},
  journal={Anal Biomed Signals Images},
  volume={20},
  pages={378--386},
  year={2010}
}
@inproceedings{bvplee2016effective,
  title={Effective PPG sensor placement for reflected red and green light, and infrared wristband-type photoplethysmography},
  author={Lee, SeungMin and Shin, HyunSoon and Hahm, ChanYoung},
  booktitle={Advanced Communication Technology (ICACT), 2016 18th International Conference on},
  pages={556--558},
  year={2016},
  organization={IEEE}
}

@article{bruce,
  title={Stress testing: A contribution from Dr Robert A. Bruce, father of exercise cardiology},
  author={Luong, Michael W and Ignaszewski, Maya and Taylor, CM},
  journal={British Columbia Medical Journal},
  volume={58},
  number={2},
  pages={70--76},
  year={2016},
  publisher={BRITISH COLUMBIA MEDICAL ASSOCIATION 115-1665 W BROADWAY, VANCOUVER, BC V6J 5A4, CANADA}
}

@inproceedings{outroswearables,
  title={Evaluation of wearable consumer heart rate monitors based on photopletysmography},
  author={Parak, Jakub and Korhonen, Ilkka},
  booktitle={Engineering in Medicine and Biology Society (EMBC), 2014 36th Annual International Conference of the IEEE},
  pages={3670--3673},
  year={2014},
  organization={IEEE}
}

@article{relogioarritmia,
  title={Smart-watches: a potential challenger to the implantable loop recorder?},
  author={Carpenter, Alexander and Frontera, Antonio},
  journal={Europace},
  volume={18},
  number={6},
  pages={791--793},
  year={2016},
  publisher={Oxford University Press}
}

@inproceedings{sensor,
  title={Sensor requirements for activity recognition on smart watches},
  author={Bieber, Gerald and Haescher, Marian and Vahl, Matthias},
  booktitle={Proceedings of the 6th International Conference on PErvasive Technologies Related to Assistive Environments},
  pages={67},
  year={2013},
  organization={ACM}
}

@article{wearables,
  title={Wearables: Has the age of smartwatches finally arrived?},
  author={Rawassizadeh, Reza and Price, Blaine A and Petre, Marian},
  journal={Communications of the ACM},
  volume={58},
  number={1},
  pages={45--47},
  year={2015},
  publisher={ACM}
}

@article{photoplethysmography,
  title={Photoplethysmography and its application in clinical physiological measurement},
  author={Allen, John},
  journal={Physiological measurement},
  volume={28},
  number={3},
  pages={R1},
  year={2007},
  publisher={IOP Publishing}
}

@article{doenca1,
  title={Photoplethysmography: beyond the calculation of arterial oxygen saturation and heart rate},
  author={Shelley, Kirk H},
  journal={Anesthesia \& Analgesia},
  volume={105},
  number={6},
  pages={S31--S36},
  year={2007},
  publisher={LWW}
}

@article{doenca2,
  title={Photoplethysmography and its application in clinical physiological measurement},
  author={Allen, John},
  journal={Physiological measurement},
  volume={28},
  number={3},
  pages={R1},
  year={2007},
  publisher={IOP Publishing}
}

@article{doenca3,
  title={The use of photoplethysmography in the assessment of venous insufficiency: a comparison to venous pressure measurements},
  author={Abramowitz, Harry B and Queral, Luis A and Flinn, William R and Nora, Paul F and Peterson, Linda K and Bergan, John J and Yao, James ST},
  journal={Surgery},
  volume={86},
  number={3},
  pages={434--441},
  year={1979},
  publisher={Elsevier}
}

@article{wearables,
  title={Digital health: tracking physiomes and activity using wearable biosensors reveals useful health-related information},
  author={Li, Xiao and Dunn, Jessilyn and Salins, Denis and Zhou, Gao and Zhou, Wenyu and Rose, Sophia Miryam Sch{\"u}ssler-Fiorenza and Perelman, Dalia and Colbert, Elizabeth and Runge, Ryan and Rego, Shannon and others},
  journal={PLoS biology},
  volume={15},
  number={1},
  pages={e2001402},
  year={2017},
  publisher={Public Library of Science}
}

@article{prospective,
  title={A prospective randomized trial examining health care utilization in individuals using multiple smartphone-enabled biosensors},
  author={Bloss, Cinnamon S and Wineinger, Nathan E and Peters, Melissa and Boeldt, Debra L and Ariniello, Lauren and Kim, Ju Young and Sheard, Judith and Komatireddy, Ravi and Barrett, Paddy and Topol, Eric J},
  journal={PeerJ},
  volume={4},
  pages={e1554},
  year={2016},
  publisher={PeerJ Inc.}
}

@phdthesis{compare2,
  title={Measuring the validity of self-monitoring heart rate and activity tracking wearables},
  author={Dooley, Erin Elizabeth and others},
  year={2016}
}

@misc{Tizen_sensor,
  author = "Tizen Project",
  title = "{Tizen Sensor API}",
  year = "2012",
  url = {https://developer.tizen.org/development/api-references/native-application?redirect=/dev-guide/2.3.1/org.tizen.native.mobile.apireference/group__CAPI__SYSTEM__SENSOR__MODULE.html},
  urldate = "[Online; accessed 4-January-2018]",
}


@misc{Gear,
  author = "Samsung",
  title = "{Samsung Gear S3}",
  url = {http://www.samsung.com/pt/wearables/gear-s3/},
  urldate = "[Online; accessed 4-January-2018]",
}


@misc{mortara,
  author = "Mortara Instruments",
  title = "{Mortara XScribe}",
  url = {https://www.mortara.com/products/healthcare/hospitals/cardiac-stress-testing/xscribe/},
  urldate = "[Online; accessed 4-January-2018]",
}

@article{filter,
  title={Generalized digital Butterworth filter design},
  author={Selesnick, Ivan W and Burrus, C Sidney},
  journal={IEEE Transactions on signal processing},
  volume={46},
  number={6},
  pages={1688--1694},
  year={1998},
  publisher={IEEE}
}

@article{b_lista,
  title={Pervasive healthcare and wireless health monitoring},
  author={Varshney, Upkar},
  journal={Mobile Networks and Applications},
  volume={12},
  number={2-3},
  pages={113--127},
  year={2007},
  publisher={Springer-Verlag New York, Inc.}
}

@article{b_lista2,
  title={A review of wearable sensors and systems with application in rehabilitation},
  author={Patel, Shyamal and Park, Hyung and Bonato, Paolo and Chan, Leighton and Rodgers, Mary},
  journal={Journal of neuroengineering and rehabilitation},
  volume={9},
  number={1},
  pages={21},
  year={2012},
  publisher={BioMed Central}
}


@inproceedings{b_sistema_parecido,
  title={Wirelessly accessible sensor populations (WASP) for elderly care monitoring},
  author={Atallah, Louis and Lo, Benny and Yang, Guang-Zhong and Siegemund, Frank},
  booktitle={Pervasive Computing Technologies for Healthcare, 2008. PervasiveHealth 2008. Second International Conference on},
  pages={2--7},
  year={2008},
  organization={IEEE}
}

@inproceedings{b_sistema_parecido2,
  title={Pervasive body sensor network: an approach to monitoring the post-operative surgical patient},
  author={Aziz, Omer and Lo, Benny and King, Rachel and Darzi, Ara and Yang, Guang-Zhong},
  booktitle={Wearable and Implantable Body Sensor Networks, 2006. BSN 2006. International Workshop on},
  pages={4--pp},
  year={2006},
  organization={IEEE}
}

@inproceedings{b_sistema_parecido2a,
  title={Key technical challenges and current implementations of body sensor networks},
  author={Lo, Benny and Yang, Guang-Zhong},
  booktitle={Proc. 2nd International Workshop on Body Sensor Networks (BSN 2005)},
  year={2005}
}

@inproceedings{b_sistema_parecido3,
  title={Real-time pervasive monitoring for postoperative care},
  author={Lo, Benny and Atallah, Louis and Aziz, Omer and El ElHew, Mohammed and Darzi, Ara and Yang, Guang-Zhong},
  booktitle={4th international workshop on wearable and implantable body sensor networks (BSN 2007)},
  pages={122--127},
  year={2007},
  organization={Springer}
}

@article{b_data_pervasive,
  title={Pervasive monitoring is an attack},
  author={Farrell, Stephen and Tschofenig, Hannes},
  year={2014}
}

@article{b_data,
  title={Data security and privacy in wireless body area networks},
  author={Li, Ming and Lou, Wenjing and Ren, Kui},
  journal={IEEE Wireless communications},
  volume={17},
  number={1},
  year={2010},
  publisher={IEEE}
}

@inproceedings{b_segmenter,
  title={Real Time Electrocardiogram Segmentation for Finger based ECG Biometrics.},
  author={Louren{\c{c}}o, Andr{\'e} and Silva, Hugo and Leite, Paulo and Louren{\c{c}}o, Renato and Fred, Ana LN},
  booktitle={Biosignals},
  pages={49--54},
  year={2012}
}

@article{b_segmenter_2,
  title={A real-time QRS detection algorithm},
  author={Pan, Jiapu and Tompkins, Willis J},
  journal={IEEE transactions on biomedical engineering},
  number={3},
  pages={230--236},
  year={1985},
  publisher={IEEE}
}

@article{b_segmenter_3,
  title={A real-time microprocessor QRS detector system with a 1-ms timing accuracy for the measurement of ambulatory HRV},
  author={Ruha, Antti and Sallinen, Sami and Nissila, Seppo},
  journal={IEEE Transactions on Biomedical Engineering},
  volume={44},
  number={3},
  pages={159--167},
  year={1997},
  publisher={IEEE}
}

@article{b_segmenter_revisiting,
  title={Revisiting QRS detection methodologies for portable, wearable, battery-operated, and wireless ECG systems},
  author={Elgendi, Mohamed and Eskofier, Bj{\"o}rn and Dokos, Socrates and Abbott, Derek},
  journal={PloS one},
  volume={9},
  number={1},
  pages={e84018},
  year={2014},
  publisher={Public Library of Science}
}

@article{b_segmenter_engzee_comparison,
  title={A comparison of the noise sensitivity of nine QRS detection algorithms},
  author={Friesen, Gary M and Jannett, Thomas C and Jadallah, Manal Afify and Yates, Stanford L and Quint, Stephen R and Nagle, H Troy},
  journal={IEEE Transactions on biomedical engineering},
  volume={37},
  number={1},
  pages={85--98},
  year={1990},
  publisher={IEEE}
}

@book{b_textcompression,
  title={Text compression},
  author={Bell, Timothy C and Cleary, John G and Witten, Ian H},
  volume={348},
  year={1990},
  publisher={Prentice Hall Englewood Cliffs}
}

@article{b_ecg_compression,
  title={Compressed sensing for real-time energy-efficient ECG compression on wireless body sensor nodes},
  author={Mamaghanian, Hossein and Khaled, Nadia and Atienza, David and Vandergheynst, Pierre},
  journal={IEEE Transactions on Biomedical Engineering},
  volume={58},
  number={9},
  pages={2456--2466},
  year={2011},
  publisher={IEEE}
}

@article{b_ecg_compression2,
  title={Wavelet compression of ECG signals by the set partitioning in hierarchical trees algorithm},
  author={Lu, Zhitao and Kim, Dong Youn and Pearlman, William A},
  journal={IEEE transactions on Biomedical Engineering},
  volume={47},
  number={7},
  pages={849--856},
  year={2000},
  publisher={IEEE}
}

@article{big_o,
  title={Big O Notation},
  author={Danziger, P},
  journal={Source internet: http://www. scs. ryerson. ca/\~{} mth110/Handouts/PD/bigO. pdf, Retrieve: April},
  year={2010}
}

@article{b_ecg,
  title={The morphology of the electrocardiogram},
  author={De Luna, Antoni Bay{\'e}s and Batchvarov, Velislav N and Malik, Marek},
  journal={The ESC Textbook of Cardiovascular Medicine Blackwell Publishing},
  pages={1--35},
  year={2006}
}


@article{b_ecg_sensor,
  title={Dry-contact and noncontact biopotential electrodes: Methodological review},
  author={Chi, Yu Mike and Jung, Tzyy-Ping and Cauwenberghs, Gert},
  journal={IEEE reviews in biomedical engineering},
  volume={3},
  pages={106--119},
  year={2010},
  publisher={IEEE}
}

@inproceedings{b_ecg_sensor2,
  title={An ultra-wearable, wireless, low power ECG monitoring system},
  author={Park, Chulsung and Chou, Pai H and Bai, Ying and Matthews, Robert and Hibbs, Andrew},
  booktitle={Biomedical Circuits and Systems Conference, 2006. BioCAS 2006. IEEE},
  pages={241--244},
  year={2006},
  organization={IEEE}
}

@inproceedings{b_ecg_sensor3,
  title={Wireless telecardiological monitoring system for the homecare area},
  author={Braecklein, M and Tchoudovski, I and Moor, C and Egorouchkina, K and Pang, LP and Bolz, A},
  booktitle={Engineering in Medicine and Biology Society, 2005. IEEE-EMBS 2005. 27th Annual International Conference of the},
  pages={3793--3795},
  year={2006},
  organization={IEEE}
}

@inproceedings{b_ppg_sensor,
  title={Empatica E3 - A wearable wireless multi-sensor device for real-time computerized biofeedback and data acquisition},
  author={Garbarino, Maurizio and Lai, Matteo and Bender, Dan and Picard, Rosalind W and Tognetti, Simone},
  booktitle={Wireless Mobile Communication and Healthcare (Mobihealth), 2014 EAI 4th International Conference on},
  pages={39--42},
  year={2014},
  organization={IEEE}
}

@article{b_ppg,
  title={Photoplethysmography and its application in clinical physiological measurement},
  author={Allen, John},
  journal={Physiological measurement},
  volume={28},
  number={3},
  pages={R1},
  year={2007},
  publisher={IOP Publishing}
}

@article{b_ppg_revisao,
  title={Wearable photoplethysmographic sensors-past and present},
  author={Tamura, Toshiyo and Maeda, Yuka and Sekine, Masaki and Yoshida, Masaki},
  journal={Electronics},
  volume={3},
  number={2},
  pages={282--302},
  year={2014},
  publisher={Multidisciplinary Digital Publishing Institute}
}

@article{b_ppg_revisao2,
  title={Accuracy of heart rate watches: implications for weight management},
  author={Wallen, Matthew P and Gomersall, Sjaan R and Keating, Shelley E and Wisl{\o}ff, Ulrik and Coombes, Jeff S},
  journal={PLoS One},
  volume={11},
  number={5},
  pages={e0154420},
  year={2016},
  publisher={Public Library of Science}
}

@article{b_acc,
  title={Physical activity in the United States measured by accelerometer},
  author={Troiano, Richard P and Berrigan, David and Dodd, Kevin W and Masse, Louise C and Tilert, Timothy and McDowell, Margaret and others},
  journal={Medicine and science in sports and exercise},
  volume={40},
  number={1},
  pages={181},
  year={2008},
  publisher={WILLIAMS \& WILKINS}
}

@article{b_acc2,
  title={A survey of depth and inertial sensor fusion for human action recognition},
  author={Chen, Chen and Jafari, Roozbeh and Kehtarnavaz, Nasser},
  journal={Multimedia Tools and Applications},
  volume={76},
  number={3},
  pages={4405--4425},
  year={2017},
  publisher={Springer}
}

